@article{iwan1967,
  title = {On a Class of Models for the Yielding Behavior of Continuous and Composite Systems},
  author = {Iwan, W. D.},
  date = {1967-09},
  journaltitle = {Journal of Applied Mechanics},
  shortjournal = {J. Appl. Mech.},
  volume = {34},
  number = {3},
  pages = {612--617},
  publisher = {American Society of Mechanical Engineers Digital Collection},
  issn = {0021-8936},
  doi = {10.1115/1.3607751},
}
